@Book{xie2015,
  title = {Dynamic Documents with {R} and knitr},
  author = {Yihui Xie},
  publisher = {Chapman and Hall/CRC},
  address = {Boca Raton, Florida},
  year = {2015},
  edition = {2},
  note = {ISBN 978-1498716963},
  url = {http://yihui.org/knitr/},
}
@book{fpp2,
  title = "Forecasting: Principles and Practice",
  author = "Hyndman, {Robin John} and George Athanasopoulos",
  year = {2018},
  language = "English",
  publisher = "OTexts",
  address = "Australia",
  edition = {2},
  url={https://otexts.com/fpp2/}
}
@book{cryer_time_2008,
	series = {Springer {Texts} in {Statistics}},
	title = {Time {Series} {Analysis}: {With} {Applications} in {R}},
	isbn = {978-0-387-75959-3},
	url = {https://books.google.co.id/books?id=bHke2k-QYP4C},
	publisher = {Springer New York},
	author = {Cryer, J.D. and Chan, K.S.},
	year = {2008},
	lccn = {2008923058},
}
@book{fpp3,
  title = "Forecasting: Principles and Practice",
  author = "Hyndman, {Robin John} and George Athanasopoulos",
  year = {2021},
  language = "English",
  publisher = "OTexts",
  address = "Australia",
  edition = {3},
  url={https://otexts.com/fpp3/}
}
@book{isaf2,
  title = "Introduction to Time Series Analysis and Forecasting",
  author = "Montgomery, Douglas C. and Jennings, Cheryl L. and Kulachi, Murat",
  year = {2008},
  language = "English",
  publisher = "John Wiley and Sons Inc.",
  address = "New Jersey, United States",
  edition = {2},
}