
@article{khan_economic_2014,
	title = {The {Economic} {Consequences} of the {Arab} {Spring}},
	language = {en},
	journal = {Atlantic Council: Rafik Hariri Center for the Middle East},
	author = {Khan, Mohsin},
	year = {2014},
	pages = {10},
	file = {Khan - 2010 - The Economic Consequences of the Arab Spring.pdf:C\:\\Users\\Acer\\Zotero\\storage\\M2IGZ7HL\\Khan - 2010 - The Economic Consequences of the Arab Spring.pdf:application/pdf},
}

@misc{plumer_oil_2014,
	title = {Oil prices keep plummeting as {OPEC} starts a price war with the {US}},
	url = {https://www.vox.com/2014/11/28/7302827/oil-prices-opec},
	abstract = {Saudi Arabia wants to undercut the recent boom in US oil production.},
	language = {en},
	urldate = {2022-04-07},
	journal = {Vox},
	author = {Plumer, Brad},
	month = nov,
	year = {2014},
	file = {Snapshot:C\:\\Users\\Acer\\Zotero\\storage\\48NFV5NP\\oil-prices-opec.html:text/html},
}
