@misc{soverflow,
  title= {converting daily stock data to weekly-based via pandas in Python},
  author= {(https://stackoverflow.com/users/1494637/stefan) Stefan},
	urldate = {2022-04-078},
	journal = {Stack Overflow},
	month = {1},
	year = {2019},
	note = {diakses April 6 2022},
  url={https://stackoverflow.com/questions/34597926/converting-daily-stock-data-to-weekly-based-via-pandas-in-python},
  copyright = {Creative Commons Attribution-ShareAlike License},
}
@misc{tlioil,
  title= {The 2008 Financial Crisis and Its Effects on Gas and Oil},
  author= {Timothy Li},
  url = {https://www.investopedia.com/ask/answers/052715/how-did-financial-crisis-affect-oil-and-gas-sector.asp},
  urldate = {2022-04-07},
  journal = {Investopedia},
  year={2021}
}
@misc{guardoil,
  title= {Oil price creeps back towards 100 a barrel},
  author={Graeme Wearden},
  url={https://www.theguardian.com/business/2009/jun/10/oil-price-increase},
  urldate={2022-04-07},
  journal={The Guardian},
  year={2009}
}
@misc{voxoil,
	title = {Oil prices keep plummeting as {OPEC} starts a price war with the {US}},
	url = {https://www.vox.com/2014/11/28/7302827/oil-prices-opec},
	abstract = {Saudi Arabia wants to undercut the recent boom in US oil production.},
	language = {en},
	urldate = {2022-04-07},
	journal = {Vox},
	author = {Plumer, Brad},
	month = nov,
	year = {2014},
	file = {Snapshot:C\:\\Users\\Acer\\Zotero\\storage\\48NFV5NP\\oil-prices-opec.html:text/html},
}
