@Manual{R-aTSA,
  title = {aTSA: Alternative Time Series Analysis},
  author = {Debin Qiu},
  year = {2015},
  note = {R package version 3.1.2},
  url = {https://CRAN.R-project.org/package=aTSA},
}

@Manual{R-base,
  title = {R: A Language and Environment for Statistical Computing},
  author = {{R Core Team}},
  organization = {R Foundation for Statistical Computing},
  address = {Vienna, Austria},
  year = {2022},
  url = {https://www.R-project.org/},
}

@Manual{R-bookdown,
  title = {bookdown: Authoring Books and Technical Documents with R Markdown},
  author = {Yihui Xie},
  year = {2022},
  note = {R package version 0.25},
  url = {https://CRAN.R-project.org/package=bookdown},
}

@Manual{R-data.table,
  title = {data.table: Extension of `data.frame`},
  author = {Matt Dowle and Arun Srinivasan},
  year = {2021},
  note = {R package version 1.14.2},
  url = {https://CRAN.R-project.org/package=data.table},
}

@Manual{R-dplyr,
  title = {dplyr: A Grammar of Data Manipulation},
  author = {Hadley Wickham and Romain François and Lionel Henry and Kirill Müller},
  year = {2022},
  note = {R package version 1.0.8},
  url = {https://CRAN.R-project.org/package=dplyr},
}

@Manual{R-dtplyr,
  title = {dtplyr: Data Table Back-End for dplyr},
  author = {Hadley Wickham and Maximilian Girlich and Mark Fairbanks and Ryan Dickerson},
  year = {2022},
  note = {R package version 1.2.1},
  url = {https://CRAN.R-project.org/package=dtplyr},
}

@Manual{R-ggplot2,
  title = {ggplot2: Create Elegant Data Visualisations Using the Grammar of Graphics},
  author = {Hadley Wickham and Winston Chang and Lionel Henry and Thomas Lin Pedersen and Kohske Takahashi and Claus Wilke and Kara Woo and Hiroaki Yutani and Dewey Dunnington},
  year = {2021},
  note = {R package version 3.3.5},
  url = {https://CRAN.R-project.org/package=ggplot2},
}

@Manual{R-imputeTS,
  title = {imputeTS: Time Series Missing Value Imputation},
  author = {Steffen Moritz and Sebastian Gatscha},
  year = {2021},
  note = {R package version 3.2},
  url = {https://CRAN.R-project.org/package=imputeTS},
}

@Manual{R-ISOweek,
  title = {ISOweek: Week of the year and weekday according to ISO 8601},
  author = {Uwe Block and using an algorithm by Hatto {von Hatzfeld}},
  year = {2011},
  note = {R package version 0.6-2},
  url = {https://CRAN.R-project.org/package=ISOweek},
}

@Manual{R-knitr,
  title = {knitr: A General-Purpose Package for Dynamic Report Generation in R},
  author = {Yihui Xie},
  year = {2022},
  note = {R package version 1.38},
  url = {https://yihui.org/knitr/},
}

@Manual{R-latex2exp,
  title = {latex2exp: Use LaTeX Expressions in Plots},
  author = {Stefano Meschiari},
  year = {2022},
  note = {R package version 0.9.4},
  url = {https://CRAN.R-project.org/package=latex2exp},
}

@Manual{R-quantmod,
  title = {quantmod: Quantitative Financial Modelling Framework},
  author = {Jeffrey A. Ryan and Joshua M. Ulrich},
  year = {2022},
  note = {R package version 0.4.20},
  url = {https://CRAN.R-project.org/package=quantmod},
}

@Manual{R-rmarkdown,
  title = {rmarkdown: Dynamic Documents for R},
  author = {JJ Allaire and Yihui Xie and Jonathan McPherson and Javier Luraschi and Kevin Ushey and Aron Atkins and Hadley Wickham and Joe Cheng and Winston Chang and Richard Iannone},
  year = {2022},
  note = {R package version 2.13},
  url = {https://CRAN.R-project.org/package=rmarkdown},
}

@Manual{R-strucchange,
  title = {strucchange: Testing, Monitoring, and Dating Structural Changes},
  author = {Achim Zeileis and Friedrich Leisch and Kurt Hornik and Christian Kleiber},
  year = {2019},
  note = {R package version 1.5-2},
  url = {https://CRAN.R-project.org/package=strucchange},
}

@Manual{R-timeDate,
  title = {timeDate: Rmetrics - Chronological and Calendar Objects},
  author = {Diethelm Wuertz and Tobias Setz and Yohan Chalabi and Martin Maechler and Joe W. Byers},
  year = {2018},
  note = {R package version 3043.102},
  url = {https://www.rmetrics.org},
}

@Manual{R-TTR,
  title = {TTR: Technical Trading Rules},
  author = {Joshua Ulrich},
  year = {2021},
  note = {R package version 0.24.3},
  url = {https://github.com/joshuaulrich/TTR},
}

@Manual{R-xts,
  title = {xts: eXtensible Time Series},
  author = {Jeffrey A. Ryan and Joshua M. Ulrich},
  year = {2020},
  note = {R package version 0.12.1},
  url = {https://github.com/joshuaulrich/xts},
}

@Manual{R-zoo,
  title = {zoo: S3 Infrastructure for Regular and Irregular Time Series (Z's
Ordered Observations)},
  author = {Achim Zeileis and Gabor Grothendieck and Jeffrey A. Ryan},
  year = {2021},
  note = {R package version 1.8-9},
  url = {https://zoo.R-Forge.R-project.org/},
}

@Book{bookdown2016,
  title = {bookdown: Authoring Books and Technical Documents with {R} Markdown},
  author = {Yihui Xie},
  publisher = {Chapman and Hall/CRC},
  address = {Boca Raton, Florida},
  year = {2016},
  note = {ISBN 978-1138700109},
  url = {https://bookdown.org/yihui/bookdown},
}

@Book{ggplot22016,
  author = {Hadley Wickham},
  title = {ggplot2: Elegant Graphics for Data Analysis},
  publisher = {Springer-Verlag New York},
  year = {2016},
  isbn = {978-3-319-24277-4},
  url = {https://ggplot2.tidyverse.org},
}

@Article{imputeTS2017,
  title = {{imputeTS: Time Series Missing Value Imputation in R}},
  author = {Steffen Moritz and Thomas Bartz-Beielstein},
  journal = {{The R Journal}},
  volume = {9},
  number = {1},
  pages = {207--218},
  year = {2017},
  doi = {10.32614/RJ-2017-009},
}

@Book{knitr2015,
  title = {Dynamic Documents with {R} and knitr},
  author = {Yihui Xie},
  publisher = {Chapman and Hall/CRC},
  address = {Boca Raton, Florida},
  year = {2015},
  edition = {2nd},
  note = {ISBN 978-1498716963},
  url = {https://yihui.org/knitr/},
}

@InCollection{knitr2014,
  booktitle = {Implementing Reproducible Computational Research},
  editor = {Victoria Stodden and Friedrich Leisch and Roger D. Peng},
  title = {knitr: A Comprehensive Tool for Reproducible Research in {R}},
  author = {Yihui Xie},
  publisher = {Chapman and Hall/CRC},
  year = {2014},
  note = {ISBN 978-1466561595},
  url = {http://www.crcpress.com/product/isbn/9781466561595},
}

@Book{rmarkdown2018,
  title = {R Markdown: The Definitive Guide},
  author = {Yihui Xie and J.J. Allaire and Garrett Grolemund},
  publisher = {Chapman and Hall/CRC},
  address = {Boca Raton, Florida},
  year = {2018},
  note = {ISBN 9781138359338},
  url = {https://bookdown.org/yihui/rmarkdown},
}

@Book{rmarkdown2020,
  title = {R Markdown Cookbook},
  author = {Yihui Xie and Christophe Dervieux and Emily Riederer},
  publisher = {Chapman and Hall/CRC},
  address = {Boca Raton, Florida},
  year = {2020},
  note = {ISBN 9780367563837},
  url = {https://bookdown.org/yihui/rmarkdown-cookbook},
}

@Article{strucchange2002,
  title = {strucchange: An R Package for Testing
                  for Structural Change in Linear Regression Models},
  author = {Achim Zeileis and Friedrich Leisch and Kurt Hornik and Christian Kleiber},
  journal = {Journal of Statistical Software},
  year = {2002},
  volume = {7},
  number = {2},
  pages = {1--38},
  url = {http://www.jstatsoft.org/v07/i02/},
}

@Article{strucchange2003,
  title = {Testing and Dating of Structural Changes in Practice},
  author = {Achim Zeileis and Christian Kleiber and Walter Kr\"amer and Kurt Hornik},
  journal = {Computational Statistics \& Data Analysis},
  year = {2003},
  volume = {44},
  pages = {109--123},
}

@Article{strucchange2006,
  title = {Implementing a Class of Structural Change Tests: An Econometric Computing Approach},
  author = {Achim Zeileis},
  journal = {Computational Statistics \& Data Analysis},
  year = {2006},
  volume = {50},
  pages = {2987--3008},
}

@Article{zoo2005,
  title = {zoo: S3 Infrastructure for Regular and Irregular Time Series},
  author = {Achim Zeileis and Gabor Grothendieck},
  journal = {Journal of Statistical Software},
  year = {2005},
  volume = {14},
  number = {6},
  pages = {1--27},
  doi = {10.18637/jss.v014.i06},
}

