
@misc{plumer_oil_2014,
	title = {Oil prices keep plummeting as {OPEC} starts a price war with the {US}},
	url = {https://www.vox.com/2014/11/28/7302827/oil-prices-opec},
	abstract = {Saudi Arabia wants to undercut the recent boom in US oil production.},
	language = {en},
	urldate = {2022-04-07},
	author = {Plumer, Brad},
	month = nov,
	year = {2014},
	note = {Publication Title: Vox},
}

@article{reu_oil_2017,
	title = {Oil falls on {China} concerns, down 3 percent for the week on {OPEC} doubts},
	url = {https://www.reuters.com/article/us-global-oil-idUSKBN14X04K},
	abstract = {Oil prices fell on Friday and ended the week 3 percent lower on lingering doubts over the extent of OPEC cuts, with sentiment worsened by concerns over the economic health of the world's second-largest oil consumer, China, after it reported the steepest falls in overall...},
	language = {en},
	urldate = {2022-04-10},
	journal = {Reuters},
	month = jan,
	year = {2017},
	author={Kumar, Devika Krishna},
	note = {Section: Commodities},
	keywords = {Africa Crudes, Commodities News (3rd Party), Corporate Events, Crude Oil, Derivatives, Energy (Legacy), Energy Markets, English, Europe, Gasoil, Gasoline, GLOBAL, Government Borrowing Requirement, Heating Oil, Major News, Market Reports, Middle East, OIL, Oil \& Gas (TRBC level 3), Refined Products, Reports, Saudi Arabia, United Kingdom, United States, US, Western Europe},
}

@article{reu_oil_2017-1,
	title = {Oil prices rise on weakening dollar, but plentiful supplies cap gains},
	url = {https://www.reuters.com/article/global-oil-idUSL4N1FG18Z},
	abstract = {Oil prices edged up on Thursday, driven up by a weakening dollar, but gains were capped by plentiful supplies and inventories despite an effort by OPEC and other producers to cut output and prop up the market.},
	language = {en},
	urldate = {2022-04-10},
	journal = {Reuters},
	month = jan,
	year = {2017},
	author= {Gloystein, Henning},
	note = {Section: Energy},
	keywords = {Africa Crudes, Americas, Asia, Commodities Markets, Commodities News (3rd Party), Corporate Events, Crude Oil, Emerging Market Countries, Energy (Legacy), Energy (TRBC level 1), Energy Markets, English, Europe, Gasoil, Gasoline, GLOBAL, Government Borrowing Requirement, Gulf, Heating Oil, Middle Distillates, Middle East, North America, OIL, Oil \& Gas (TRBC level 3), Pacific, Refined Products, Saudi Arabia, South-West Asia, United Kingdom, United States, Western Europe},
}

@article{reu_oil_2017-2,
	title = {Oil prices rise on prospect that {Saudi} {Arabia} seeking output cut extension},
	url = {https://www.reuters.com/article/global-oil-idUSL3N1HK0TY},
	abstract = {Oil prices rose on Wednesday, putting crude futures on track for their longest streak of gains since August 2016, as Saudi Arabia was reported to be lobbying OPEC and other producers to extend a production cut beyond the first half of 2017.},
	language = {en},
	urldate = {2022-04-10},
	journal = {Reuters},
	month = apr,
	year = {2017},
	author= {Gloystein, Henning},
	note = {Section: Energy},
	keywords = {Africa Crudes, Americas, Asia, Canada, Commodities Markets, Corporate Events, Crude Oil, Economic News, Emerging Market Countries, Energy (Legacy), Energy (TRBC level 1), Energy Markets, Europe, Gasoline, GLOBAL, Government Borrowing Requirement, Gulf, Inventory Data, Middle East, North America, OIL, Oil \& Gas (TRBC level 3), Pacific, Refined Products, Saudi Arabia, South-West Asia, United Kingdom, United States, Western Europe},
}

@article{reu_oil_2017-3,
	title = {Oil prices edge up; still near 2017 lows on stubborn glut},
	url = {https://www.reuters.com/article/us-global-oil-idUSKBN19703Z},
	abstract = {Oil prices on Friday bounced up off the year's lows as some producers reduced exports and U.S. rig additions slowed, but the rebound was modest and crude posted its fourth weekly decline on persistent concerns about global oversupply.},
	language = {en},
	urldate = {2022-04-10},
	author ={Simon, Julia},
	journal = {Reuters},
	month = jun,
	year = {2017},
	note = {Section: Commodities News},
	keywords = {Commodities News (3rd Party), Corporate Events, Crude Oil, Energy (Legacy), Energy Markets, English, Europe, France, Gasoil, Gasoline, GLOBAL, Government Borrowing Requirement, Graphics, Heating Oil, Inventory Data, Market Reports, Middle East, OIL, Oil \& Gas (TRBC level 3), Refined Products, Reports, Saudi Arabia, Tanker Freight, United Kingdom, United States, US, Western Europe},
}

@article{reu_oil_2017-4,
	title = {Oil prices fall on {OPEC} output increase, rising {U}.{S}. crude stocks},
	url = {https://www.reuters.com/article/global-oil-idUSL3N1JB05K},
	abstract = {* OPEC's May oil output was up by 336,000 bpd to 32.14 million bpd},
	language = {en},
	urldate = {2022-04-10},
	journal = {Reuters},
	month = jun,
	author= {Gloystein, Henning},
	year = {2017},
	note = {Section: Oil and Gas},
	keywords = {Africa Crudes, Americas, Asia, Canada, Commodities Markets, Corporate Events, Crude Oil, Economic News, Emerging Market Countries, Energy (Legacy), Energy (TRBC level 1), Energy Markets, Euro Zone, Europe, France, Gasoil, Gasoline, GLOBAL, Government Borrowing Requirement, Gulf, Heating Oil, Inventory Data, Middle Distillates, Middle East, North America, OIL, Oil \& Gas (TRBC level 3), Pacific, Refined Products, Saudi Arabia, South-West Asia, Tanker Freight, Transportation, Transportation Markets, United Kingdom, United States, Western Europe},
}

@article{reu_oil_2017-6,
	title = {Oil prices near 2015 highs on tight market},
	url = {https://www.reuters.com/article/global-oil-idUSL4N1OS18H},
	abstract = {* Soaring U.S. oil production undermines efforts to cut supplies},
	language = {en},
	urldate = {2022-04-10},
	journal = {Reuters},
	author= {Gloystein, Henning},
	month = dec,
	year = {2017},
	note = {Section: Energy},
	keywords = {Africa Crudes, Americas, Asia, Commodities Markets, Corporate Events, Crude Oil, Emerging Market Countries, Energy - Fossil Fuels (TRBC level 2), Energy (Legacy), Energy (TRBC level 1), Energy Markets, Euro Zone, Europe, France, Gasoil, Gasoline, GLOBAL, Government Borrowing Requirement, Gulf, Heating Oil, Middle Distillates, Middle East, North America, North Sea Crudes, OIL, Oil \& Gas (TRBC level 3), Pacific, Pipelines, Refined Products, Reuters Top News, Saudi Arabia, South-West Asia, Top News, United Kingdom, United States, Western Europe},
}

@article{reu_oil_2018,
	title = {Oil prices drop on uptick in {U}.{S}. production},
	url = {https://www.reuters.com/article/global-oil-idUSL3N1PE14V},
	abstract = {Oil prices fell on Friday on a bounce-back in U.S. production, but ongoing declines in crude inventories curbed losses in the market.},
	language = {en},
	urldate = {2022-04-10},
	journal = {Reuters},
	author= {Gloystein, Henning},
	month = jan,
	year = {2018},
	note = {Section: Energy},
	keywords = {(GRPAHIC), Africa Crudes, Americas, Asia, Commodities Markets, Corporate Events, Crude Oil, Emerging Market Countries, Energy - Fossil Fuels (TRBC level 2), Energy (Legacy), Energy (TRBC level 1), Energy Markets, Euro Zone, Europe, France, Gasoil, Gasoline, GLOBAL, Government Borrowing Requirement, Gulf, Heating Oil, Middle Distillates, Middle East, North America, North Sea Crudes, OIL, Oil \& Gas (TRBC level 3), Pacific, Pipelines, Refined Products, Reuters Top News, Saudi Arabia, South-West Asia, Top News, United Kingdom, United States, Western Europe},
}

@article{woolich_sanctions_nodate,
	title = {Sanctions {Update}: {US} sanctions on {Iran}, 8 {May} 2018},
	shorttitle = {Sanctions {Update}},
	url = {https://www.hfw.com/Sanctions-Update-US-sanctions-on-Iran-8-May-2018},
	abstract = {Sanctions Update: US sanctions on Iran, 8 May 2018},
	language = {en},
	journal = {Holman Fenwick Willan},
	urldate = {2022-04-10},
	author = {Woolich, Anthony and Martin, Daniel and Hunt, Sarah and Arroyo, Pauline},
	note = {Publication Title: HFW},
	year={2018}
}

@article{dichristopher_us_2018,
	title = {{US} crude tumbles 4.8\% to 17-month low, settling at \$45.88, as stock market slides},
	url = {https://www.cnbc.com/2018/12/20/oil-markets-global-economy-crude-supply-in-focus.html},
	abstract = {Oil prices plunged to their lowest levels in over a year on Thursday, deepening a sell-off fueled by concerns about oversupply.},
	language = {en},
	urldate = {2022-04-10},
	author = {DiChristopher, Tom},
	journal ={CNBC},
	month = dec,
	year = {2018},
	note = {Publication Title: CNBC},
	annote = {Section: Energy Commodities},
}

@article{welle_wwwdwcom_us_nodate,
	title = {{US} to end sanctions waivers for {Iranian} oil imports {\textbackslash}textbar {DW} {\textbackslash}textbar 22.04.2019},
	url = {https://www.dw.com/en/us-to-end-sanctions-waivers-for-iranian-oil-imports/a-48435237},
	abstract = {The United States has said no governments will be exempted from US sanctions on Iranian oil imports. The White House said the decision was intended "to bring Iran's oil exports to zero."},
	language = {en\_GB},
	urldate = {2022-04-10},
	journal = {Deutsche Welle},
	author = { },
	note = {Publication Title: DW.COM},
	year={2019}
}

@article{reu_oil_2019,
	title = {Oil spills into {U}.{S}.-{China} trade war, prices slump},
	url = {https://www.reuters.com/article/us-usa-trade-china-oil-idUSKCN1VD22D},
	abstract = {China said on Friday it would impose tariffs on U.S. crude oil imports for the first time, sending prices down nearly 4\% to two-week lows as the escalating bilateral trade war fed worries over a slowdown in global oil demand.},
	language = {en},
	urldate = {2022-04-10},
	journal = {Reuters},
	month = aug,
	author={Kumar, Devika Krishna},
	year = {2019},
	note = {Section: Commodities News},
	keywords = {Americas, Americas (Energy), Asia, CHINA, China (PRC), Commodities News (3rd Party), Commodity Arbitrage, Crude Oil, Energy (Legacy), Energy (TRBC level 1), Energy Markets, Europe, Integrated Oil \& Gas (TRBC level 5), International Trade, North America (Energy), OIL, Oil \& Gas (TRBC level 3), Pacific, Reuters Top News, South Korea, Tanker Freight, Tariffs, TRADE, United States, US, US President, USA},
}

@article{calhoun_saudirussia_nodate,
	title = {The {Saudi}/{Russia} {Oil} {Price} {War}: {Historic} {Blunder} \#1},
	shorttitle = {The {Saudi}/{Russia} {Oil} {Price} {War}},
	url = {https://www.forbes.com/sites/georgecalhoun/2020/06/03/the-other-epidemic-a-cluster-of-historic-blunders---exhibit-1-the-saudirussia-oil-price-war/},
	abstract = {Every so often a major power commits a strategic blunder so spectacular that later it is deemed “historic.” The Saudi Arabian/Russian smash-up in the energy market is one of these iconic miscalculations.},
	language = {en},
	urldate = {2022-04-10},
	journal ={Forbes},
	author = {Calhoun, George},
	note = {Publication Title: Forbes},
	annote = {Section: Markets},
	year={2020}
}

@article{lw_oil_2020,
	title = {Oil {ETFs}, {Contango} and negative oil prices},
	url = {https://www.livewiremarkets.com/wires/oil-etfs-contango-and-negative-oil-prices},
	abstract = {You will probably have seen in the news yesterday morning (21st April 2020), that U.S. oil futures prices were negative. This is based off the May WTI Crude futures contract, which settled on 21st April in the U.S. Due to the extreme supply glut and lack of demand for oil...},
	urldate = {2022-04-10},
	author={Mills, Alistair},
	month = apr,
	year = {2020},
	journal = { Livewire Markets},
}

@article{pfizer_2020,
	title = {Pfizer and {BioNTech} {Announce} {Vaccine} {Candidate} {Against} {COVID}-19 {Achieved} {Success} in {First} {Interim} {Analysis} from {Phase} 3 {Study}},
	url = {https://www.businesswire.com/news/home/20201109005539/en/%C2%A0Pfizer-and-BioNTech-Announce-Vaccine-Candidate-Against-COVID-19-Achieved-Success-in-First-Interim-Analysis-from-Phase-3-Study},
	abstract = {Pfizer Inc. (NYSE: PFE) and BioNTech SE (Nasdaq: BNTX) today announced their mRNA-based vaccine candidate, BNT162b2, against SARS-CoV-2 has demonstrat},
	language = {en},
	urldate = {2022-04-10},
	month = nov,
	year = {2020},
	author={Pfizer},
	journal={Business Wire}
}

@article{reu_oil_2021,
	title = {Oil prices fall on {U}.{S}. crude stock build, {Delta} variant spread},
	url = {https://www.cnbc.com/2021/08/04/oil-markets-covid-delta-variant.html},
	abstract = {The United States and China, the world's two biggest oil consumers, are grappling with rapidly spreading outbreaks of the highly contagious delta variant.},
	language = {en},
	urldate = {2022-04-10},
	month = aug,
	journal={CNBC},
	year = {2021},
	note = {Publication Title: CNBC},
	annote = {Section: Energy Commodities},
}

@article{resnick-ault_oil_2021,
	title = {Oil prices post weekly loss on {Omicron} uncertainty},
	url = {https://www.reuters.com/markets/commodities/oil-heads-flat-week-omicron-uncertainty-2021-12-17/},
	abstract = {Oil prices fell on Friday and were also down on the week as surging cases of the Omicron coronavirus variant raised fears that new restrictions may hit fuel demand.},
	language = {en},
	urldate = {2022-04-10},
	journal = {Reuters},
	author = {Resnick-ault, Jessica},
	month = dec,
	year = {2021},
	note = {Section: Commodities},
}


@article{cnn_us_nodate,
	title = {{US} and allies agree to release 60 million barrels of oil from their reserves as {Russian} invasion of {Ukraine} causes price spike - {CNNPolitics}},
	url = {https://edition.cnn.com/2022/03/01/politics/us-strategic-petroleum-reserve-release-latest/index.html},
	urldate = {2022-04-10},
	author={Mattingly, Phil and Liptak, Kevin and Collins, Kaitlan and Egan, Matt},
	year={2022}
}

@article{islam_ukraine_nodate,
	title = {Ukraine {Conflict}: {Petrol} at {Fresh} {Record} as {Oil} and {Gas} {Prices} {Soar}},
	author = {Islam, Faisal},
	url = {https://www.bbc.com/news/business-60642786},
	abstract = {Russia's invasion of Ukraine inflated oil prices even further to well over \$110 per barrel. We outline the impact on oil prices and the energy transition.},
	language = {en},
	urldate = {2022-04-10},
	note = {Publication Title: bbc.com},
	journal={BBC},
	year={2022}
}

@article{kammer_how_nodate,
	title = {How {War} in {Ukraine} {Is} {Reverberating} {Across} {World}’s {Regions}},
	urldate = {2022-04-10},
	author = {Kammer, Alfred and Azour, Jihad and Selassie, Abebe Aemro and Goldfajn, Ilan and Rhee, Changyong},
	note = {Publication: blogs.imf.org},
	journal ={IMF}
}
